@article{zou2000recursive,
  title={A recursive least M-estimate (RLM) adaptive filter for robust filtering in impulse noise},
  author={Zou, Yuexian and Chan, SC and Ng, TS},
  journal={Signal Processing Letters, IEEE},
  volume={7},
  number={11},
  pages={324--326},
  year={2000},
  publisher={IEEE}
}

@ARTICLE{4703214, 
author={Rey Vega, L. and Rey, H. and Benesty, J. and Tressens, S.}, 
journal={Signal Processing, IEEE Transactions on}, 
title={A Fast Robust Recursive Least-Squares Algorithm}, 
year={2009}, 
month={March}, 
volume={57}, 
number={3}, 
pages={1209-1216}, 
keywords={adaptive filters;echo suppression;least squares approximations;recursive estimation;FRRLS algorithm;acoustic echo cancellation application;fast robust recursive least-squares algorithm;robust adaptive filters;Acoustic echo cancellation;impulsive noise;recursive least-squares algorithm;robust filtering;system identification}, 
doi={10.1109/TSP.2008.2010643}, 
ISSN={1053-587X}
}

@inproceedings{UOSLib2013,
    title={UOSLib - A Library for Analysis of Online-Learning Algorithms},
    author={Buschermoehle, A. and Huelsmann, J. and Brockmann, W.},
    booktitle={Proc. 23. Workshop Computational Intelligence},
    year={2013},
    publisher={KIT Scientific Publishing},
    pages={355--369}
}

@article{bhotto2011robust,
  title={Robust recursive least-squares adaptive-filtering algorithm for impulsive-noise environments},
  author={Bhotto, M Zulfiquar A and Antoniou, Andreas},
  journal={Signal Processing Letters, IEEE},
  volume={18},
  number={3},
  pages={185--188},
  year={2011},
  publisher={IEEE}
}

@book{diniz1997adaptive,
  title={Adaptive filtering},
  author={Diniz, Paulo SR},
  year={1997},
  publisher={Springer}
}